% Encoding: UTF-8

% This is just an example
% Add your site references here in this file following this pattern
@online{android-founder-interview,
  author       = {Jay Alabaster},
  title        = {Android founder: We aimed to make a camera OS},
  date         = {2013-04-16},
  type         = {Web Page},
  url          = {https://www.pcworld.com/article/2034723/android-founder-we-aimed-to-make-a-camera-os.html},
  year         = {2013},
  month        = {4},
  lastaccessed = {11 février 2020},
  addendum     = {Repéré le 11/2/2020},
}