% Encoding: UTF-8

% This is just an example
% Add your paper references here in this file following this pattern
@inproceedings{AreAppsReady,
  author    = {Guilardi, Demetrio and Nicacio, Jalves and Napoleao, Bianca and Petrillo, Fabio},
  title     = {Are apps ready for new Android Releases?},
  booktitle = {IEEE/ACM 7th International Conference on Mobile Software Engineering and Systems},
  year      = {2020},
  pages     = {66-76},
  publisher = {IEEE},
  month     = {7},
  doi       = {10.1145/3387905.3388598},
  address   = {Seoul, Republic of Korea},
  issn      = {null}
}