% Encoding: UTF-8

% This is just an example
% Add your article references here in this file following this pattern
@article{measurementTheoryInSoftware,
  author    = {Briand, Lionel and El Emam, Khaled and Morasca, Sandro},
  title     = {On the Application of Measurement Theory in Software Engineering},
  journal   = {Empirical Software Engineering},
  year      = {1996},
  pages     = {61â€“88},
  doi       = {10.1007/BF00125812},
  type      = {Journal Article},
  volume    = {1},
}