% Encoding: UTF-8

% This is just an example
% Add your book references here in this file following this pattern
@book{experimentationInSoftware,
  author    = {Wohlin, Claes and Runeson, Per and Höst, Martin and Ohlsson, Magnus and Regnel, Björn and Wesslén, Anders},
  title     = {Experimentation in Software Engineering},
  year      = {2000},
  edition   = {1\textsuperscript{er}},
  publisher = {Springer science + business media},
  isbn      = {9783642290442},
  address   = {Heidelberg, Germany},
  pages     = {10-41},
}